%% This BibTeX bibliography file was created using BibDesk.
%% http://bibdesk.sourceforge.net/

%% Created for Elahesadat Naghib at 2018-01-17 16:51:12 -0500 


%% Saved with string encoding Unicode (UTF-8) 


@ARTICLE{Lampoudi15,
   author = {{Lampoudi}, S. and {Saunders}, E. and {Eastman}, J.},
    title = "{An Integer Linear Programming Solution to the Telescope Network Scheduling Problem}",
  journal = {ArXiv e-prints},
archivePrefix = "arXiv",
   eprint = {1503.07170},
 primaryClass = "astro-ph.IM",
 keywords = {Astrophysics - Instrumentation and Methods for Astrophysics, Computer Science - Data Structures and Algorithms},
     year = 2015,
    month = mar,
   adsurl = {http://adsabs.harvard.edu/abs/2015arXiv150307170L},
  adsnote = {Provided by the SAO/NASA Astrophysics Data System}
}


@INPROCEEDINGS{Saunders14,
   author = {{Saunders}, E. and {Lampoudi}, S.},
    title = "{Multi-Telescope Observing: the LCOGT Network Scheduler}",
booktitle = {The Third Hot-wiring the Transient Universe Workshop},
     year = 2014,
   editor = {{Wozniak}, P.~R. and {Graham}, M.~J. and {Mahabal}, A.~A. and 
	{Seaman}, R.},
    pages = {117-123},
   adsurl = {http://adsabs.harvard.edu/abs/2014htu..conf..117S},
  adsnote = {Provided by the SAO/NASA Astrophysics Data System}
}


@INPROCEEDINGS{Boroson14,
   author = {{Boroson}, T. and {Brown}, T. and {Hjelstrom}, A. and {Howell}, D.~A. and 
	{Lister}, T. and {Pickles}, A. and {Rosing}, W. and {Saunders}, E. and 
	{Street}, R. and {Walker}, Z.},
    title = "{Science operations for LCOGT: a global telescope network}",
booktitle = {Observatory Operations: Strategies, Processes, and Systems V},
     year = 2014,
   series = {\procspie},
   volume = 9149,
    month = aug,
      eid = {91491E},
    pages = {91491E},
      doi = {10.1117/12.2054776},
   adsurl = {http://adsabs.harvard.edu/abs/2014SPIE.9149E..1EB},
  adsnote = {Provided by the SAO/NASA Astrophysics Data System}
}



@article{liu2005fuzzy,
	Author = {Liu, Junhong and Lampinen, Jouni},
	Date-Added = {2015-08-12 23:29:57 +0000},
	Date-Modified = {2015-08-12 23:29:57 +0000},
	Journal = {Soft Computing},
	Number = {6},
	Pages = {448--462},
	Publisher = {Springer},
	Title = {A fuzzy adaptive differential evolution algorithm},
	Volume = {9},
	Year = {2005}}

@article{qin2009differential,
	Author = {Qin, A Kai and Huang, Vicky Ling and Suganthan, Ponnuthurai N},
	Date-Added = {2015-08-12 23:23:05 +0000},
	Date-Modified = {2015-08-12 23:23:05 +0000},
	Journal = {Evolutionary Computation, IEEE Transactions on},
	Number = {2},
	Pages = {398--417},
	Publisher = {IEEE},
	Title = {Differential evolution algorithm with strategy adaptation for global numerical optimization},
	Volume = {13},
	Year = {2009}}

@article{brest2006self,
	Author = {Brest, Janez and Greiner, Sa{\v{s}}o and Bo{\v{s}}kovi{\'c}, Borko and Mernik, Marjan and Zumer, Viljem},
	Date-Added = {2015-08-12 23:22:34 +0000},
	Date-Modified = {2015-08-12 23:22:34 +0000},
	Journal = {Evolutionary Computation, IEEE Transactions on},
	Number = {6},
	Pages = {646--657},
	Publisher = {IEEE},
	Title = {Self-adapting control parameters in differential evolution: a comparative study on numerical benchmark problems},
	Volume = {10},
	Year = {2006}}

@article{storn1997differential,
	Author = {Storn, Rainer and Price, Kenneth},
	Date-Added = {2015-08-12 23:22:05 +0000},
	Date-Modified = {2015-08-12 23:22:05 +0000},
	Journal = {Journal of global optimization},
	Number = {4},
	Pages = {341--359},
	Publisher = {Springer},
	Title = {Differential evolution--a simple and efficient heuristic for global optimization over continuous spaces},
	Volume = {11},
	Year = {1997}}

@article{goh1995global,
	Author = {Goh, Keat-Choon and Safonov, Michael G and Papavassilopoulos, George P},
	Journal = {Journal of global optimization},
	Number = {4},
	Pages = {365--380},
	Publisher = {Springer},
	Title = {Global optimization for the biaffine matrix inequality problem},
	Volume = {7},
	Year = {1995}}

@article{tuyen2001biconvex,
	Author = {Tuyen, Hoang Q and Muu, Le D},
	Journal = {Operations Research Letters},
	Number = {2},
	Pages = {81--92},
	Publisher = {Elsevier},
	Title = {Biconvex programming approach to optimization over the weakly efficient set of a multiple objective affine fractional problem},
	Volume = {28},
	Year = {2001}}

@inproceedings{fogel1997advantages,
	Author = {Fogel, David B},
	Booktitle = {BCEC},
	Date-Added = {2015-08-12 22:38:21 +0000},
	Date-Modified = {2015-08-12 22:38:21 +0000},
	Organization = {Citeseer},
	Pages = {1--11},
	Title = {The Advantages of Evolutionary Computation.},
	Year = {1997}}

@article{heiler2006learning,
	Author = {Heiler, Matthias and Schn{\"o}rr, Christoph},
	Journal = {The Journal of Machine Learning Research},
	Pages = {1385--1407},
	Publisher = {JMLR. org},
	Title = {Learning sparse representations by non-negative matrix factorization and sequential cone programming},
	Volume = {7},
	Year = {2006}}

@article{coelho2006combining,
	Author = {Coelho, Leandro Dos Santos and Mariani, Viviana Cocco},
	Journal = {Power Systems, IEEE Transactions on},
	Number = {2},
	Pages = {989--996},
	Publisher = {IEEE},
	Title = {Combining of chaotic differential evolution and quadratic programming for economic dispatch optimization with valve-point effect},
	Volume = {21},
	Year = {2006}}

@article{vrugt2009accelerating,
	Author = {Vrugt, Jasper A and Ter Braak, CJF and Diks, CGH and Robinson, Bruce A and Hyman, James M and Higdon, Dave},
	Journal = {International Journal of Nonlinear Sciences and Numerical Simulation},
	Number = {3},
	Pages = {273--290},
	Title = {Accelerating Markov chain Monte Carlo simulation by differential evolution with self-adaptive randomized subspace sampling},
	Volume = {10},
	Year = {2009}}

@article{noman2008differential,
	Author = {Noman, Nasimul and Iba, Hitoshi},
	Journal = {Electric Power Systems Research},
	Number = {8},
	Pages = {1322--1331},
	Publisher = {Elsevier},
	Title = {Differential evolution for economic load dispatch problems},
	Volume = {78},
	Year = {2008}}

@article{talukder2009multiobjective,
	Author = {Talukder, AKM and Kirley, Michael and Buyya, Rajkumar},
	Journal = {Concurrency and Computation: Practice and Experience},
	Number = {13},
	Pages = {1742--1756},
	Publisher = {Wiley Online Library},
	Title = {Multiobjective differential evolution for scheduling workflow applications on global Grids},
	Volume = {21},
	Year = {2009}}

@article{tucker1960solving,
	Author = {Tucker, AW},
	Journal = {IBM Journal of Research and Development},
	Number = {5},
	Pages = {507--517},
	Publisher = {IBM},
	Title = {Solving a matrix game by linear programming},
	Volume = {4},
	Year = {1960}}

@article{lemke1964equilibrium,
	Author = {Lemke, Carlton E and Howson, Jr, Joseph T},
	Journal = {Journal of the Society for Industrial \& Applied Mathematics},
	Number = {2},
	Pages = {413--423},
	Publisher = {SIAM},
	Title = {Equilibrium points of bimatrix games},
	Volume = {12},
	Year = {1964}}

@article{lemke1965bimatrix,
	Author = {Lemke, Carlton E},
	Journal = {Management science},
	Number = {7},
	Pages = {681--689},
	Publisher = {INFORMS},
	Title = {Bimatrix equilibrium points and mathematical programming},
	Volume = {11},
	Year = {1965}}

@article{mukhamediev1978solution,
	Author = {Mukhamediev, BM},
	Journal = {USSR Computational Mathematics and Mathematical Physics},
	Number = {2},
	Pages = {60--66},
	Publisher = {Elsevier},
	Title = {The solution of bilinear programming problems and finding the equilibrium situations in bimatrix games},
	Volume = {18},
	Year = {1978}}

@article{cohen1975plastic,
	Author = {Cohen, JW},
	Journal = {Journal of Engineering Mathematics},
	Number = {3},
	Pages = {219--226},
	Publisher = {Springer},
	Title = {Plastic-elastic torsion, optimal stopping and free boundaries},
	Volume = {9},
	Year = {1975}}

@article{murty1974note,
	Author = {Murty, Katta G},
	Journal = {Opsearch},
	Number = {2-3},
	Pages = {123--130},
	Title = {Note on a Bard-type scheme for solving the complementarity problem},
	Volume = {11},
	Year = {1974}}

@article{koehler1979complementarity,
	Author = {Koehler, Gary J},
	Journal = {Revue fran{\c{c}}aise d'automatique, d'informatique et de recherche op{\'e}rationnelle. Recherche op{\'e}rationnelle},
	Number = {1},
	Pages = {75--80},
	Title = {A complementarity approach for solving Leontief substitution systems and (generalized) Markov decision processes},
	Volume = {13},
	Year = {1979}}

@article{eaves1971linear,
	Author = {Eaves, B Curtis},
	Journal = {Management science},
	Number = {9},
	Pages = {612--634},
	Publisher = {INFORMS},
	Title = {The linear complementarity problem},
	Volume = {17},
	Year = {1971}}

@article{mangasarian1976linear,
	Author = {Mangasarian, OL},
	Journal = {Mathematical Programming},
	Number = {1},
	Pages = {263--270},
	Publisher = {Springer},
	Title = {Linear complementarity problems solvable by a single linear program},
	Volume = {10},
	Year = {1976}}

@incollection{murty1978computational,
	Author = {Murty, Katta G},
	Booktitle = {Complementarity and fixed point problems},
	Pages = {61--73},
	Publisher = {Springer},
	Title = {Computational complexity of complementary pivot methods},
	Year = {1978}}

@article{fathi1979computational,
	Author = {Fathi, Yahya},
	Journal = {Mathematical Programming},
	Number = {1},
	Pages = {335--344},
	Publisher = {Springer},
	Title = {Computational complexity of LCPs associated with positive definite symmetric matrices},
	Volume = {17},
	Year = {1979}}

@article{pang1984necessary,
	Author = {Pang, JS},
	Journal = {Journal of Optimization Theory and Applications},
	Number = {1},
	Pages = {1--17},
	Publisher = {Springer},
	Title = {Necessary and sufficient conditions for the convergence of iterative methods for the linear complementarity problem},
	Volume = {42},
	Year = {1984}}

@article{chung1989np,
	Author = {Chung, Sung-Jin},
	Journal = {Journal of Optimization Theory and Applications},
	Number = {3},
	Pages = {393--399},
	Publisher = {Springer},
	Title = {NP-completeness of the linear complementarity problem},
	Volume = {60},
	Year = {1989}}

@article{harker1990damped,
	Author = {Harker, Patrick T and Pang, Jong-Shi},
	Journal = {Lectures in Applied Mathematics},
	Pages = {265--284},
	Publisher = {AMS Providence, RI},
	Title = {A damped-Newton method for the linear complementarity problem},
	Volume = {26},
	Year = {1990}}

@book{cottle1992linear,
	Author = {Cottle, Richard W and Pang, Jong-Shi and Stone, Richard E},
	Publisher = {Siam},
	Title = {The linear complementarity problem},
	Volume = {60},
	Year = {1992}}

@article{ferris1997engineering,
	Author = {Ferris, Michael C and Pang, Jong-Shi},
	Journal = {Siam Review},
	Number = {4},
	Pages = {669--713},
	Publisher = {SIAM},
	Title = {Engineering and economic applications of complementarity problems},
	Volume = {39},
	Year = {1997}}

@article{kanzow1996some,
	Author = {Kanzow, Christian},
	Journal = {SIAM Journal on Matrix Analysis and Applications},
	Number = {4},
	Pages = {851--868},
	Publisher = {SIAM},
	Title = {Some noninterior continuation methods for linear complementarity problems},
	Volume = {17},
	Year = {1996}}

@article{sherali1992new,
	Author = {Sherali, Hanif D and Alameddine, Amine},
	Journal = {Journal of Global optimization},
	Number = {4},
	Pages = {379--410},
	Publisher = {Springer},
	Title = {A new reformulation-linearization technique for bilinear programming problems},
	Volume = {2},
	Year = {1992}}

@article{kojima1997interior,
	Author = {Kojima, Masakazu and Shindoh, Susumu and Hara, Shinji},
	Journal = {SIAM Journal on Optimization},
	Number = {1},
	Pages = {86--125},
	Publisher = {SIAM},
	Title = {Interior-point methods for the monotone semidefinite linear complementarity problem in symmetric matrices},
	Volume = {7},
	Year = {1997}}

@article{al1983jointly,
	Author = {Al-Khayyal, Faiz A and Falk, James E},
	Journal = {Mathematics of Operations Research},
	Number = {2},
	Pages = {273--286},
	Publisher = {INFORMS},
	Title = {Jointly constrained biconvex programming},
	Volume = {8},
	Year = {1983}}

@techreport{konno1971bilinear,
	Author = {Konno, Hiroshi},
	Institution = {DTIC Document},
	Title = {Bilinear Programming: Part I. Algorithm for Solving Bilinear Programs.},
	Year = {1971}}

@article{konno1976cutting,
	Author = {Konno, Hiroshi},
	Journal = {Mathematical Programming},
	Number = {1},
	Pages = {14--27},
	Publisher = {Springer},
	Title = {A cutting plane algorithm for solving bilinear programs},
	Volume = {11},
	Year = {1976}}

@article{falk1973linear,
	Author = {Falk, James E},
	Journal = {Mathematical Programming},
	Number = {1},
	Pages = {169--188},
	Publisher = {Springer},
	Title = {A linear max?min problem},
	Volume = {5},
	Year = {1973}}

@article{gorski2007biconvex,
	Author = {Gorski, Jochen and Pfeuffer, Frank and Klamroth, Kathrin},
	Journal = {Mathematical Methods of Operations Research},
	Number = {3},
	Pages = {373--407},
	Publisher = {Springer},
	Title = {Biconvex sets and optimization with biconvex functions: a survey and extensions},
	Volume = {66},
	Year = {2007}}

@article{vanderbei1999loqo,
	Author = {Vanderbei, Robert J},
	Journal = {Optimization methods and software},
	Number = {1-4},
	Pages = {451--484},
	Publisher = {Taylor \& Francis},
	Title = {{LOQO}: An interior point code for quadratic programming},
	Volume = {11},
	Year = {1999}}

@manual{mosek,
	Author = {MOSEK ApS},
	Title = {The MOSEK optimization toolbox for MATLAB manual. Version 7.1 (Revision 28).},
	Url = {http://docs.mosek.com/7.1/toolbox/index.html},
	Year = 2015,
	Bdsk-Url-1 = {http://docs.mosek.com/7.1/toolbox/index.html}}

@article{bussieck2010minlp,
	Author = {Bussieck, Michael R and Vigerske, Stefan},
	Journal = {Wiley Encyclopedia of Operations Research and Management Science},
	Publisher = {Wiley Online Library},
	Title = {MINLP solver software},
	Year = {2010}}

@article{polik2007survey,
	Author = {P{\'o}lik, Imre and Terlaky, Tam{\'a}s},
	Journal = {SIAM review},
	Number = {3},
	Pages = {371--418},
	Publisher = {SIAM},
	Title = {A survey of the S-lemma},
	Volume = {49},
	Year = {2007}}

@article{ahmadi2012convex,
	Author = {Ahmadi, Amir Ali and Parrilo, Pablo A},
	Journal = {Mathematical Programming},
	Number = {1-2},
	Pages = {275--292},
	Publisher = {Springer},
	Title = {A convex polynomial that is not sos-convex},
	Volume = {135},
	Year = {2012}}

@article{johnston1994spike,
	Author = {Johnston, Mark D and Miller, Glenn},
	Journal = {Intelligent Scheduling},
	Pages = {391--422},
	Publisher = {San Francisco: Morgan-Kaufmann},
	Title = {Spike: Intelligent scheduling of hubble space telescope observations},
	Year = {1994}}

@inproceedings{johnston1990spike,
	Author = {Johnston, Mark D},
	Booktitle = {Artificial Intelligence Applications, 1990., Sixth Conference on},
	Organization = {IEEE},
	Pages = {184--190},
	Title = {Spike: Ai scheduling for nasa's hubble space telescope},
	Year = {1990}}

@inproceedings{johnston1988automated,
	Author = {Johnston, Mark D},
	Booktitle = {European Southern Observatory Conference and Workshop Proceedings},
	Pages = {1273},
	Title = {Automated observation scheduling for the VLT},
	Volume = {30},
	Year = {1988}}

@inproceedings{sasaki2000observation,
	Author = {Sasaki, Toshiyuki and Kosugi, George and Kawai, Jun A and Kusumoto, Toyoaki and Koura, Norikazu and Hawkins, Robert and Kramer, Laurence and Krueger, Anthony P and Miller, Glenn E},
	Booktitle = {Astronomical Telescopes and Instrumentation},
	Organization = {International Society for Optics and Photonics},
	Pages = {350--354},
	Title = {Observation scheduling scheme for the Subaru telescope},
	Year = {2000}}

@inproceedings{o2009gbt,
	Author = {O'Neil, Karen and Balser, D and Bignell, C and Clark, M and Condon, J and McCarty, M and Marganian, P and Shelton, A and Braatz, J and Harnett, J and others},
	Booktitle = {Astronomical Data Analysis Software and Systems XVIII},
	Pages = {147},
	Title = {The GBT Dynamic Scheduling System: A New Scheduling Paradigm},
	Volume = {411},
	Year = {2009}}

@article{de2003optimization,
	Author = {de Castro, AI G{\'o}mez and Y{\'a}nez, Javier},
	Journal = {Astronomy \& Astrophysics},
	Number = {1},
	Pages = {357--367},
	Publisher = {EDP Sciences},
	Title = {Optimization of telescope scheduling-Algorithmic research and scientific policy},
	Volume = {403},
	Year = {2003}}

@article{bellman1957dynamic,
	Author = {Bellman, Richard},
	Journal = {Princeton, NJ},
	Title = {Dynamic Programming Princeton University Press},
	Year = {1957}}

@article{abell2009lsst,
	Author = {Abell, Paul A and Allison, Julius and Anderson, Scott F and Andrew, John R and Angel, J Roger P and Armus, Lee and Arnett, David and Asztalos, SJ and Axelrod, Tim S and Bailey, Stephen and others},
	Journal = {arXiv preprint arXiv:0912.0201},
	Title = {LSST science book, version 2.0},
	Year = {2009}}

@article{ivezic2008lsst,
	Author = {Ivezic, Zeljko and Tyson, JA and Abel, B and Acosta, E and Allsman, R and AlSayyad, Y and Anderson, SF and Andrew, J and Angel, R and Angeli, G and others},
	Journal = {arXiv preprint arXiv:0805.2366},
	Title = {LSST: from science drivers to reference design and anticipated data products},
	Year = {2008}}

@inproceedings{jones2014lsst,
	Author = {Jones, R Lynne and Yoachim, Peter and Chandrasekharan, Srinivasan and Connolly, Andrew J and Cook, Kem H and Ivezic, {\v{Z}}eljko and Krughoff, K Simon and Petry, Catherine and Ridgway, Stephen T},
	Booktitle = {SPIE Astronomical Telescopes+ Instrumentation},
	Organization = {International Society for Optics and Photonics},
	Pages = {91490B--91490B},
	Title = {The LSST metrics analysis framework (MAF)},
	Year = {2014}}

@article{das2016recent,
	Author = {Das, Swagatam and Mullick, Sankha Subhra and Suganthan, PN},
	Journal = {Swarm and Evolutionary Computation},
	Pages = {1--30},
	Publisher = {Elsevier},
	Title = {Recent advances in differential evolution--An updated survey},
	Volume = {27},
	Year = {2016}}

@article{watkins1992q,
	Author = {Watkins, Christopher JCH and Dayan, Peter},
	Journal = {Machine learning},
	Number = {3-4},
	Pages = {279--292},
	Publisher = {Springer},
	Title = {Q-learning},
	Volume = {8},
	Year = {1992}}

@book{guyon2008feature,
	Author = {Guyon, Isabelle and Gunn, Steve and Nikravesh, Masoud and Zadeh, Lofti A},
	Publisher = {Springer},
	Title = {Feature extraction: foundations and applications},
	Volume = {207},
	Year = {2008}}

@article{calabretta2007mapping,
	Author = {Calabretta, Mark R and Roukema, Boudewijn F},
	Journal = {Monthly Notices of the Royal Astronomical Society},
	Number = {2},
	Pages = {865--872},
	Publisher = {Oxford University Press},
	Title = {Mapping on the HEALPix grid},
	Volume = {381},
	Year = {2007}}

@inproceedings{lavalley1992asurv,
	Author = {Lavalley, M and Isobe, T and Feigelson, Eric},
	Booktitle = {Astronomical data analysis software and systems I},
	Pages = {245},
	Title = {ASURV: astronomy survival analysis package},
	Volume = {25},
	Year = {1992}}

@article{schechter1976analytic,
	Author = {Schechter, Paul},
	Journal = {The Astrophysical Journal},
	Pages = {297--306},
	Title = {An analytic expression for the luminosity function for galaxies.},
	Volume = {203},
	Year = {1976}}

@article{takeuchi2000tests,
	Author = {Takeuchi, Tsutomu T and Yoshikawa, Kohji and Ishii, Takako T},
	Journal = {The Astrophysical Journal Supplement Series},
	Number = {1},
	Pages = {1},
	Publisher = {IOP Publishing},
	Title = {Tests of statistical methods for estimating galaxy luminosity function and applications to the Hubble deep field},
	Volume = {129},
	Year = {2000}}

@book{wall2012practical,
	Author = {Wall, Jasper Vivian and Jenkins, Charles R},
	Publisher = {Cambridge University Press},
	Title = {Practical statistics for astronomers},
	Year = {2012}}

@article{avni1980method,
	Author = {Avni, Y and Soltan, A and Tananbaum, H and Zamorani, G},
	Journal = {The Astrophysical Journal},
	Pages = {800--807},
	Title = {A method for determining luminosity functions incorporating both flux measurements and flux upper limits, with applications to the average X-ray to optical luminosity ratio for quasars},
	Volume = {238},
	Year = {1980}}

@article{lynden1971method,
	Author = {Lynden-Bell, D},
	Journal = {Monthly Notices of the Royal Astronomical Society},
	Number = {1},
	Pages = {95--118},
	Publisher = {Oxford University Press},
	Title = {A method of allowing for known observational selection in small samples applied to 3CR quasars},
	Volume = {155},
	Year = {1971}}

@article{feigelson2004statistical,
	Author = {Feigelson, Eric D and Babu, GJ},
	Journal = {arXiv preprint astro-ph/0401404},
	Title = {Statistical challenges in modern astronomy},
	Year = {2004}}

@article{richards2012semi,
	Author = {Richards, Joseph W and Homrighausen, Darren and Freeman, Peter E and Schafer, Chad M and Poznanski, Dovi},
	Journal = {Monthly Notices of the Royal Astronomical Society},
	Number = {2},
	Pages = {1121--1135},
	Publisher = {Oxford University Press},
	Title = {Semi-supervised learning for photometric supernova classification},
	Volume = {419},
	Year = {2012}}

@techreport{sadeh1991look,
	Author = {Sadeh, Norman},
	Institution = {DTIC Document},
	Title = {Look-ahead techniques for micro-opportunistic job shop scheduling},
	Year = {1991}}

@article{minton1992minimizing,
	Author = {Minton, Steven and Johnston, Mark D and Philips, Andrew B and Laird, Philip},
	Journal = {Artificial Intelligence},
	Number = {1-3},
	Pages = {161--205},
	Publisher = {Elsevier},
	Title = {Minimizing conflicts: a heuristic repair method for constraint satisfaction and scheduling problems},
	Volume = {58},
	Year = {1992}}

@inproceedings{delgado2016lsst,
	Author = {Delgado, Francisco and Reuter, Michael A},
	Booktitle = {SPIE Astronomical Telescopes+ Instrumentation},
	Organization = {International Society for Optics and Photonics},
	Pages = {991019--991019},
	Title = {The LSST Scheduler from design to construction},
	Year = {2016}}

@inproceedings{tyson2002large,
  title={Large synoptic survey telescope: overview},
  author={Tyson, J Anthony},
  booktitle={Survey and Other Telescope Technologies and Discoveries},
  volume={4836},
  pages={10--21},
  year={2002},
  organization={International Society for Optics and Photonics}
}

@inproceedings{kosugi1998observation,
	Author = {Kosugi, George and Sasaki, Toshiyuki and Mizumoto, Yoshihiko and Takata, Tadafumi and Kawai, Jun A and Ishihara, Yasuhide},
	Booktitle = {Proc. SPIE},
	Pages = {421--426},
	Title = {Observation data set of the subaru observation software system,"},
	Volume = {3349},
	Year = {1998}}

@inproceedings{muscettola1995automating,
	Author = {Muscettola, Nicola and Pell, Barney and Hansson, Othar and Mohan, Sunil},
	Booktitle = {Robotic Telescopes. Current Capabilities, Present Developments, and Future Prospects for Automated Astronomy},
	Pages = {148},
	Title = {Automating mission scheduling for space-based observatories},
	Volume = {79},
	Year = {1995}}

@article{wolfe2000three,
	Author = {Wolfe, William J and Sorensen, Stephen E},
	Journal = {Management Science},
	Number = {1},
	Pages = {148--166},
	Publisher = {INFORMS},
	Title = {Three scheduling algorithms applied to the earth observing systems domain},
	Volume = {46},
	Year = {2000}}

@article{nelson1985design,
	Author = {Nelson, Jerry E and Mast, Terry S and Faber, Sandra M},
	Publisher = {Caltech},
	Title = {The design of the Keck Observatory and Telescope},
	Year = {1985}}

@article{shetrone2007ten,
	Author = {Shetrone, Matthew and Cornell, Mark E and Fowler, James R and Gaffney, Niall and Laws, Benjamin and Mader, Jeff and Mason, Cloud and Odewahn, Stephen and Roman, Brian and Rostopchin, Sergey and others},
	Journal = {Publications of the Astronomical Society of the Pacific},
	Number = {855},
	Pages = {556--566},
	Publisher = {JSTOR},
	Title = {Ten Year Review of Queue Scheduling of the Hobby-Eberly Telescope},
	Volume = {119},
	Year = {2007}}

@article{nowakovski1999using,
	Author = {Nowakovski, J{\"o}rg and Schw{\"a}rzler, Werner and Triesch, Eberhard},
	Journal = {European Journal of Operational Research},
	Number = {3},
	Pages = {531--541},
	Publisher = {Elsevier},
	Title = {Using the generalized assignment problem in scheduling the ROSAT space telescope},
	Volume = {112},
	Year = {1999}}
	
@inproceedings{tsitsiklis1997analysis,
  title={Analysis of temporal-diffference learning with function approximation},
  author={Tsitsiklis, John N and Van Roy, Benjamin},
  booktitle={Advances in neural information processing systems},
  pages={1075--1081},
  year={1997}
}

@article{tesauro1995temporal,
  title={Temporal difference learning and TD-Gammon},
  author={Tesauro, Gerald},
  journal={Communications of the ACM},
  volume={38},
  number={3},
  pages={58--68},
  year={1995}
}

@inproceedings{naghib2016entropic,
  title={Entropic Differential Evolution-?DE},
  author={Naghib, Elahesadat and Nobakhti, Amin},
  booktitle={American Control Conference (ACC), 2016},
  pages={2440--2446},
  year={2016},
  organization={IEEE}
}


@inproceedings{steele1997control,
  title={Control software and scheduling of the Liverpool Robotic Telescope},
  author={Steele, Iain A and Carter, David},
  booktitle={Telescope Control Systems II},
  volume={3112},
  pages={222--233},
  year={1997}
}

@inproceedings{brink2008salt,
  title={The SALT observation control system},
  author={Brink, Janus and Charles, Anne and Hettlage, Christian and Husser, Tim-Oliver and Koeslag, Anthony and Romero-Colmenero, Encarni},
  booktitle={Proc. of SPIE Vol},
  volume={7019},
  pages={70190N--1},
  year={2008}
}

@inproceedings{wootten2003atacama,
  title={Atacama large millimeter array (ALMA)},
  author={Wootten, Alwyn},
  booktitle={Large Ground-based Telescopes},
  volume={4837},
  pages={110--119},
  year={2003},
  organization={International Society for Optics and Photonics}
}

@article{alexander2017enabling,
  title={Enabling New ALMA Science with Improved Support for Time-Domain Observations},
  author={Alexander, Kate D and Berger, Edo and Bower, Geoff and Casewell, Sarah and Cenko, S Brad and Chatterjee, Shami and Cleeves, Ilse and Cordes, Jim and Drake, Jeremy and Drout, Maria and others},
  journal={arXiv preprint arXiv:1703.04692},
  year={2017}
}

@inproceedings{naghib2016feature,
  title={Feature-based telescope scheduler},
  author={Naghib, Elahesadat and Vanderbei, Robert J and Stubbs, Christopher},
  booktitle={Observatory Operations: Strategies, Processes, and Systems VI},
  volume={9910},
  pages={991011},
  year={2016},
  organization={International Society for Optics and Photonics}
}

@article{high2010sky,
  title={Sky Variability in the y Band at the LSST Site},
  author={High, F William and Stubbs, Christopher W and Stalder, Brian and Gilmore, David Kirk and Tonry, John L},
  journal={Publications of the Astronomical Society of the Pacific},
  volume={122},
  number={892},
  pages={722},
  year={2010},
  publisher={IOP Publishing}
}

@inproceedings{sebag2008lsst,
  title={LSST IR camera for cloud monitoring and observation planning},
  author={Sebag, Jacques and Krabbendam, Victor L and Claver, Charles F and Andrew, John and Barr, Jeffrey D and Klebe, Dimitri},
  booktitle={Ground-based and Airborne Telescopes II},
  volume={7012},
  pages={70123W},
  year={2008},
  organization={International Society for Optics and Photonics}
}

@article{sebag2007lsst,
  title={LSST cloud cover measurement for observation scheduling},
  author={Sebag, J and Barr, J and Saha, A and Claver, C and Krabbendam, V},
  journal={Revista Mexicana de Astronom{\'\i}a y Astrof{\'\i}sica},
  volume={31},
  year={2007},
  publisher={Instituto de Astronom{\'\i}a}
}


@ARTICLE{jones2017large,
   author = {{Jones}, R.~L. and {Slater}, C.~T. and {Moeyens}, J. and {Allen}, L. and 
	{Axelrod}, T. and {Cook}, K. and {Ivezi{\'c}}, {\v Z}. and {Juri{\'c}}, M. and 
	{Myers}, J. and {Petry}, C.~E.},
    title = "{The Large Synoptic Survey Telescope as a Near-Earth Object discovery machine}",
  journal = {\icarus},
archivePrefix = "arXiv",
   eprint = {1711.10621},
 primaryClass = "astro-ph.EP",
 keywords = {Near-Earth objects, Image processing, Asteroids},
     year = 2018,
    month = mar,
   volume = 303,
    pages = {181-202},
      doi = {10.1016/j.icarus.2017.11.033},
   adsurl = {http://adsabs.harvard.edu/abs/2018Icar..303..181J},
  adsnote = {Provided by the SAO/NASA Astrophysics Data System}
}

@inproceedings{delgado2014lsst,
  title={The LSST operations simulator},
  author={Delgado, Francisco and Saha, Abhijit and Chandrasekharan, Srinivasan and Cook, Kem and Petry, Catherine and Ridgway, Stephen},
  booktitle={Modeling, Systems Engineering, and Project Management for Astronomy VI},
  volume={9150},
  pages={915015},
  year={2014},
  organization={International Society for Optics and Photonics}
}

@article{ivezic2008large,
  title={Large Synoptic Survey Telescope: From science drivers to reference design},
  author={Ivezic, Z and Axelrod, T and Brandt, WN and Burke, DL and Claver, CF and Connolly, A and Cook, KH and Gee, P and Gilmore, DK and Jacoby, SH and others},
  journal={Serbian Astronomical Journal},
  volume={176},
  pages={1--13},
  year={2008}
}

@inproceedings{connolly2014end,
  title={An end-to-end simulation framework for the Large Synoptic Survey Telescope},
  author={Connolly, Andrew J and Angeli, George Z and Chandrasekharan, Srinivasan and Claver, Charles F and Cook, Kem and Ivezic, Zeljko and Jones, R Lynne and Krughoff, K Simon and Peng, En-Hsin and Peterson, John and others},
  booktitle={Modeling, Systems Engineering, and Project Management for Astronomy VI},
  volume={9150},
  pages={915014},
  year={2014},
  organization={International Society for Optics and Photonics}
}

@inproceedings{yoachim2016optical,
  title={An optical to IR sky brightness model for the LSST},
  author={Yoachim, Peter and Coughlin, Michael and Angeli, George Z and Claver, Charles F and Connolly, Andrew J and Cook, Kem and Daniel, Scott and Ivezi{\'c}, {\v{Z}}eljko and Jones, R Lynne and Petry, Catherine and others},
  booktitle={Observatory Operations: Strategies, Processes, and Systems VI},
  volume={9910},
  pages={99101A},
  year={2016},
  organization={International Society for Optics and Photonics}
}